@book{texbook,
  author = {Donald E. Knuth},
  year = {1986},
  title = {The {\TeX} Book},
  publisher = {Addison-Wesley Professional}
}

@book{latex:companion,
  author = {Frank Mittelbach and Michel Gossens
            and Johannes Braams and David Carlisle
            and Chris Rowley},
  year = {2004},
  title = {The {\LaTeX} Companion},
  publisher = {Addison-Wesley Professional},
  edition = {2}
}

@book{latex2e,
  author = {Leslie Lamport},
  year = {1994},
  title = {{\LaTeX}: a Document Preparation System},
  publisher = {Addison Wesley},
  address = {Massachusetts},
  edition = {2}
}

@article{knuth:1984,
  title={Literate Programming},
  author={Donald E. Knuth},
  journal={The Computer Journal},
  volume={27},
  number={2},
  pages={97--111},
  year={1984},
  publisher={Oxford University Press}
}

@inproceedings{lesk:1977,
  title={Computer Typesetting of Technical Journals on {UNIX}},
  author={Michael Lesk and Brian Kernighan},
  booktitle={Proceedings of American Federation of
             Information Processing Societies: 1977
             National Computer Conference},
  pages={879--888},
  year={1977},
  address={Dallas, Texas}
}

@online{ISIC,
  author = {International Skin Imaging Collaboration},
  title = {The SIIM-ISIC 2020 Challenge Dataset},
  year = 2020,
  url = {https://challenge2020.isic-archive.com/},
  note={\textbf{DOI}: \texttt{https://doi.org/10.34970/2020-ds01}}
}

@online{SEER,
  title = {Cancer Stat Facts: Melanoma of the Skin},
  author= {National Cancer Institute},
  year  = {2023},
  url = {https://seer.cancer.gov/statfacts/html/melan.html},
  note = {\texttt{https://seer.cancer.gov/statfacts/html/melan.html} (Last Accessed: 2023-03-20)}
}

@online{ACS,
  title = {Key Statistics for Melanoma Skin Cancer},
  author= {American Cancer Society},
  year  = {2023},
  url = {https://www.cancer.org/cancer/melanoma-skin-cancer/about/key-statistics.html#:~:text=The%20American%20Cancer%20Society},
  note = {\texttt{https://www.cancer.org/cancer/melanoma-skin-cancer/about/key- statistics.html} (Last Accessed: 2023-03-20)}
}

@online{CDC,
  title = {Basic Information About Skin Cancer},
  author= {Centers for Disease Control and Prevention},
  year  = {2023},
  url = {https://www.cdc.gov/cancer/skin/basic_info/index.htm},
  note = {\texttt{https://www.cdc.gov/cancer/skin/basic\_info/index.htm} (Last Accessed: 2023-03-20)}
}


@online{SCF,
  title = {Melanoma Warning Signs},
  author= {Skin Cancer Foundation},
  year  = {2023},
  url = {https://www.skincancer.org/skin-cancer-information/melanoma/melanoma-warning-signs-and-images/},
  note = {\texttt{https://www. skincancer.org/skin-cancer-information/melanoma/melanoma-warning-si gns-and-images/} (Last Accessed: 2023-03-20)}
}

@online{AUG,
  title = {Transforms},
  author= {Albumentations AI},
  year  = {2023},
  url = {https://albumentations.ai/docs/api_reference/augmentations/transforms/},
  note = {\texttt{https://albumentations.ai/docs/ap i\_reference/augmentations/transforms/ } (Last Accessed: 2023-03-20)}
}

@misc{resnest,
      title={ResNeSt: Split-Attention Networks}, 
      author={Hang Zhang and Chongruo Wu and Zhongyue Zhang and Yi Zhu and Haibin Lin and Zhi Zhang and Yue Sun and Tong He and Jonas Mueller and R. Manmatha and Mu Li and Alexander Smola},
      year={2020},
      eprint={2004.08955},
      archivePrefix={arXiv},
      primaryClass={cs.CV}
}

@article{BatchNorm,
  author    = {Sergey Ioffe and
               Christian Szegedy},
  title     = {Batch Normalization: Accelerating Deep Network Training by Reducing
               Internal Covariate Shift},
  journal   = {CoRR},
  volume    = {abs/1502.03167},
  year      = {2015},
  url       = {http://arxiv.org/abs/1502.03167},
  eprinttype = {arXiv},
  eprint    = {1502.03167},
  timestamp = {Mon, 13 Aug 2018 16:47:06 +0200},
  biburl    = {https://dblp.org/rec/journals/corr/IoffeS15.bib},
  bibsource = {dblp computer science bibliography, https://dblp.org}
}

@book{ESL,
  added-at = {2008-05-16T16:17:42.000+0200},
  address = {New York, NY, USA},
  author = {Hastie, Trevor and Tibshirani, Robert and Friedman, Jerome},
  biburl = {https://www.bibsonomy.org/bibtex/2f58afc5c9793fcc8ad8389824e57984c/sb3000},
  interhash = {d585aea274f2b9b228fc1629bc273644},
  intrahash = {f58afc5c9793fcc8ad8389824e57984c},
  keywords = {ml statistics},
  publisher = {Springer New York Inc.},
  series = {Springer Series in Statistics},
  timestamp = {2008-05-16T16:17:43.000+0200},
  title = {The Elements of Statistical Learning},
  year = 2001
}

@misc{attention,
      title={Attention Is All You Need}, 
      author={Ashish Vaswani and Noam Shazeer and Niki Parmar and Jakob Uszkoreit and Llion Jones and Aidan N. Gomez and Lukasz Kaiser and Illia Polosukhin},
      year={2017},
      eprint={1706.03762},
      archivePrefix={arXiv},
      primaryClass={cs.CL}
}

@misc{resnet,
      title={Deep Residual Learning for Image Recognition}, 
      author={Kaiming He and Xiangyu Zhang and Shaoqing Ren and Jian Sun},
      year={2015},
      eprint={1512.03385},
      archivePrefix={arXiv},
      primaryClass={cs.CV}
}


@INPROCEEDINGS{EffNet_MelDet,
author={Li, Chaoyi and Qiao, Zihan and Wang, Kehan and Hongxing, Jiang},
booktitle={2021 IEEE 2nd International Conference on Big Data, Artificial Intelligence and Internet of Things Engineering (ICBAIE)}, 
title={Improved EfficientNet-B4 for Melanoma Detection}, 
year={2021},
volume={},
number={},
pages={127-130},
doi={10.1109/ICBAIE52039.2021.9389915}
}

@INPROCEEDINGS{VariousMethods,
author={Vocaturo, Eugenio and Perna, Diego and Zumpano, Ester},
booktitle={2019 IEEE International Conference on Bioinformatics and Biomedicine (BIBM)}, 
title={Machine Learning Techniques for Automated Melanoma Detection}, 
year={2019},
volume={},
number={},
pages={2310-2317},
doi={10.1109/BIBM47256.2019.8983165}
}

@inproceedings{deng2009imagenet,
  title={Imagenet: A large-scale hierarchical image database},
  author={Deng, Jia and Dong, Wei and Socher, Richard and Li, Li-Jia and Li, Kai and Fei-Fei, Li},
  booktitle={2009 IEEE conference on computer vision and pattern recognition},
  pages={248--255},
  year={2009},
  organization={Ieee}
}

@online{MLnote,
  title = {A Note on Machine Learning Methods},
  author={Ying Nian Wu},
  year  = {2020},
  url = {http://www.stat.ucla.edu/~ywu/MLnote2020.pdf},
  note = {\texttt{http://www.stat.ucla.edu/~ywu/MLnote2020.pdf} (Last Accessed: 2023-02-13)}
}

@online{pt_resnest,
  title = {PyTorch: RESNEST},
  author={Hang Zhang},
  year  = {2020},
  url = {https://pytorch.org/hub/pytorch_vision_resnest/},
  note = {\texttt{https://pytorch.org/hub/pytor ch/\_vision\_resnest/} (Last Accessed: 2023-04-29)}
}

@incollection{NEURIPS2019_9015,
title = {PyTorch: An Imperative Style, High-Performance Deep Learning Library},
author = {Paszke, Adam and Gross, Sam and Massa, Francisco and Lerer, Adam and Bradbury, James and Chanan, Gregory and Killeen, Trevor and Lin, Zeming and Gimelshein, Natalia and Antiga, Luca and Desmaison, Alban and Kopf, Andreas and Yang, Edward and DeVito, Zachary and Raison, Martin and Tejani, Alykhan and Chilamkurthy, Sasank and Steiner, Benoit and Fang, Lu and Bai, Junjie and Chintala, Soumith},
booktitle = {Advances in Neural Information Processing Systems 32},
pages = {8024--8035},
year = {2019},
publisher = {Curran Associates, Inc.},
url = {http://papers.neurips.cc/paper/9015-pytorch-an-imperative-style-high-performance-deep-learning-library.pdf}
}